@article{milner1978theory,
  title={A theory of type polymorphism in programming},
  author={Milner, Robin},
  journal={Journal of computer and system sciences},
  volume={17},
  number={3},
  pages={348--375},
  year={1978},
  publisher={Elsevier}
}

@article{dean2008mapreduce,
  title={MapReduce: simplified data processing on large clusters},
  author={Dean, Jeffrey and Ghemawat, Sanjay},
  journal={Communications of the ACM},
  volume={51},
  number={1},
  pages={107--113},
  year={2008},
  publisher={ACM}
}
